<?xml version='1.0' encoding='UTF-8'?>
<record xmlns="http://www.loc.gov/MARC21/slim">
  <leader>01454cam a2200361   4500</leader>
  <controlfield tag="001">2759709</controlfield>
  <controlfield tag="003">NjP</controlfield>
  <controlfield tag="005">20171010173743.0</controlfield>
  <controlfield tag="008">901019s1969    iq       b    000 0 arar </controlfield>
  <datafield tag="024" ind1="7" ind2=" ">
    <subfield code="a">princeton_aco002122</subfield>
    <subfield code="2">local</subfield>
  </datafield>
  <datafield ind1=" " ind2=" " tag="010">
    <subfield code="a">   75255805 </subfield>
  </datafield>
  <datafield ind1=" " ind2=" " tag="035">
    <subfield code="a">(OCoLC)ocn178281246</subfield>
  </datafield>
  <datafield ind1=" " ind2=" " tag="035">
    <subfield code="a">(OCoLC)ocm22540010</subfield>
  </datafield>
  <datafield ind1=" " ind2=" " tag="040">
    <subfield code="a">DLC</subfield>
    <subfield code="c">PUL</subfield>
    <subfield code="d">PUL</subfield>
  </datafield>
  <datafield ind1=" " ind2=" " tag="035">
    <subfield code="a">(OCoLC)178281246</subfield>
  </datafield>
  <datafield ind1=" " ind2=" " tag="035">
    <subfield code="9">CNF3993TS</subfield>
  </datafield>
  <datafield ind1=" " ind2=" " tag="035">
    <subfield code="a">(NjP)2759709</subfield>
  </datafield>
  <datafield ind1="0" ind2=" " tag="050">
    <subfield code="a">DS119.7</subfield>
    <subfield code="b">.H55</subfield>
  </datafield>
  <datafield ind1=" " ind2=" " tag="079">
    <subfield code="a">ocm22540010</subfield>
  </datafield>
  <datafield ind1=" " ind2=" " tag="049">
    <subfield code="a">PULL</subfield>
  </datafield>
  <datafield ind1="1" ind2=" " tag="100">
    <subfield code="6">880-01</subfield>
    <subfield code="a">Hītī, Hādī Nuʻmān.</subfield>
  </datafield>
  <datafield ind1="1" ind2="3" tag="245">
    <subfield code="6">880-02</subfield>
    <subfield code="a">al-Iʻlām al-ʻArabī wa-al-diʻāyah al-Ṣihyūnīyah,</subfield>
    <subfield code="c">bi-qalam Hādī Nuʻmān al-Hītī.</subfield>
  </datafield>
  <datafield ind1=" " ind2=" " tag="260">
    <subfield code="6">880-03</subfield>
    <subfield code="a">[Baghdād,</subfield>
    <subfield code="b">Dār al-Jumhūrīyah,</subfield>
    <subfield code="c">1969]</subfield>
  </datafield>
  <datafield ind1=" " ind2=" " tag="300">
    <subfield code="a">181 p.</subfield>
    <subfield code="c">21 cm.</subfield>
  </datafield>
  <datafield ind1=" " ind2="0" tag="440">
    <subfield code="6">880-04</subfield>
    <subfield code="a">Silsilah al-iʻlāmīyah,</subfield>
    <subfield code="v">7</subfield>
  </datafield>
  <datafield ind1=" " ind2=" " tag="500">
    <subfield code="a">At head of title: Wizārat al-Thaqāfah wa-al-Iʻlām. Mudīrīyat al-Iʻlām al-ʻĀmmah.</subfield>
  </datafield>
  <datafield ind1=" " ind2="0" tag="650">
    <subfield code="a">Propaganda, Arab.</subfield>
    <subfield code="0">http://id.loc.gov/authorities/subjects/sh87001500</subfield>
  </datafield>
  <datafield ind1=" " ind2="0" tag="650">
    <subfield code="a">Propaganda, Israeli.</subfield>
    <subfield code="0">http://id.loc.gov/authorities/subjects/sh87003586</subfield>
  </datafield>
  <datafield ind1="1" ind2=" " tag="880">
    <subfield code="6">100-01/r</subfield>
    <subfield code="a">هيتي، هادي نعمان.</subfield>
  </datafield>
  <datafield ind1="1" ind2="2" tag="880">
    <subfield code="6">245-02/r</subfield>
    <subfield code="a">الاعلام العربي والدعاية الصهيونية،</subfield>
    <subfield code="c">بقلم هادي نعمان الهيتي.</subfield>
  </datafield>
  <datafield ind1=" " ind2=" " tag="880">
    <subfield code="6">260-03/r</subfield>
    <subfield code="a">[بغداد،</subfield>
    <subfield code="b">دار الجمهورية،</subfield>
    <subfield code="c">1969]</subfield>
  </datafield>
  <datafield ind1=" " ind2="0" tag="880">
    <subfield code="6">440-04/r</subfield>
    <subfield code="a">سلسلة الاعلامية،</subfield>
    <subfield code="v">7</subfield>
  </datafield>
  <datafield ind1=" " ind2=" " tag="911">
    <subfield code="a">20000130</subfield>
  </datafield>
  <datafield ind1=" " ind2=" " tag="994">
    <subfield code="a">C0</subfield>
    <subfield code="b">PUL</subfield>
  </datafield>
  <datafield ind1=" " ind2=" " tag="999">
    <subfield code="a">2759709</subfield>
  </datafield>
  <datafield ind1="0" ind2="0" tag="852">
    <subfield code="0">3070485</subfield>
    <subfield code="b">nec</subfield>
    <subfield code="t">1</subfield>
    <subfield code="h">DS119.7</subfield>
    <subfield code="i">.H585 1969</subfield>
  </datafield>
  <datafield ind1=" " ind2=" " tag="959">
    <subfield code="a">2009-06-30 11:00:39 -0400</subfield>
  </datafield>
</record>
